@misc{perez2017poverty,
    title={Poverty Prediction with Public Landsat 7 Satellite Imagery and Machine Learning},
    author={Anthony Perez and Christopher Yeh and George Azzari and Marshall Burke and David Lobell and Stefano Ermon},
    year={2017},
    eprint={1711.03654},
    archivePrefix={arXiv},
    primaryClass={stat.ML}
}

@article{Jean_2019,
   title={Tile2Vec: Unsupervised Representation Learning for Spatially Distributed Data},
   volume={33},
   ISSN={2159-5399},
   url={http://dx.doi.org/10.1609/aaai.v33i01.33013967},
   DOI={10.1609/aaai.v33i01.33013967},
   journal={Proceedings of the AAAI Conference on Artificial Intelligence},
   publisher={Association for the Advancement of Artificial Intelligence (AAAI)},
   author={Jean, Neal and Wang, Sherrie and Samar, Anshul and Azzari, George and Lobell, David and Ermon, Stefano},
   year={2019},
   month={Jul},
   pages={3967â€“3974}
}

@article{jean2016combining,
  title={Combining satellite imagery and machine learning to predict poverty},
  author={Jean, Neal and Burke, Marshall and Xie, Michael and Davis, W Matthew and Lobell, David B and Ermon, Stefano},
  journal={Science},
  volume={353},
  number={6301},
  pages={790--794},
  year={2016},
  publisher={American Association for the Advancement of Science}
}

@misc{castelluccio2015land,
    title={Land Use Classification in Remote Sensing Images by Convolutional Neural Networks},
    author={Marco Castelluccio and Giovanni Poggi and Carlo Sansone and Luisa Verdoliva},
    year={2015},
    eprint={1508.00092},
    archivePrefix={arXiv},
    primaryClass={cs.CV}
}

@InProceedings{sundararajan2017,
  title = 	 {Axiomatic Attribution for Deep Networks},
  author = 	 {Mukund Sundararajan and Ankur Taly and Qiqi Yan},
  booktitle = 	 {Proceedings of the 34th International Conference on Machine Learning},
  pages = 	 {3319--3328},
  year = 	 {2017},
  editor = 	 {Doina Precup and Yee Whye Teh},
  volume = 	 {70},
  series = 	 {Proceedings of Machine Learning Research},
  address = 	 {International Convention Centre, Sydney, Australia},
  month = 	 {06--11 Aug},
  publisher = 	 {PMLR},
  pdf = 	 {http://proceedings.mlr.press/v70/sundararajan17a/sundararajan17a.pdf},
  url = 	 {http://proceedings.mlr.press/v70/sundararajan17a.html}
}

@misc{simonyan2014deep,
    title={Very Deep Convolutional Networks for Large-Scale Image Recognition},
    author={Karen Simonyan and Andrew Zisserman},
    year={2014},
    eprint={1409.1556},
    archivePrefix={arXiv},
    primaryClass={cs.CV}
}

@misc{he2015deep,
    title={Deep Residual Learning for Image Recognition},
    author={Kaiming He and Xiangyu Zhang and Shaoqing Ren and Jian Sun},
    year={2015},
    eprint={1512.03385},
    archivePrefix={arXiv},
    primaryClass={cs.CV}
}

@article{Sandler_2018,
   title={MobileNetV2: Inverted Residuals and Linear Bottlenecks},
   ISBN={9781538664209},
   url={http://dx.doi.org/10.1109/CVPR.2018.00474},
   DOI={10.1109/cvpr.2018.00474},
   journal={2018 IEEE/CVF Conference on Computer Vision and Pattern Recognition},
   publisher={IEEE},
   author={Sandler, Mark and Howard, Andrew and Zhu, Menglong and Zhmoginov, Andrey and Chen, Liang-Chieh},
   year={2018},
   month={Jun}
}

@article{vanDerMaaten2008,
  added-at = {2015-06-19T12:07:15.000+0200},
  author = {van der Maaten, Laurens and Hinton, Geoffrey},
  biburl = {https://www.bibsonomy.org/bibtex/28b9aebb404ad4a4c6a436ea413550b30/lopusz_kdd},
  interhash = {370ba8b9e1909b61880a6f47c93bcd49},
  intrahash = {8b9aebb404ad4a4c6a436ea413550b30},
  journal = {Journal of Machine Learning Research},
  keywords = {dimensionality_reduction tSNE visualization},
  pages = {2579--2605},
  timestamp = {2015-08-19T15:19:11.000+0200},
  title = {Visualizing Data using {t-SNE} },
  url = {http://www.jmlr.org/papers/v9/vandermaaten08a.html},
  volume = 9,
  year = 2008
}

@inproceedings{paszke2017automatic,
  title={Automatic Differentiation in {PyTorch}},
  author={Paszke, Adam and Gross, Sam and Chintala, Soumith and Chanan, Gregory and Yang, Edward and DeVito, Zachary and Lin, Zeming and Desmaison, Alban and Antiga, Luca and Lerer, Adam},
  booktitle={NeurIPS Autodiff Workshop},
  year={2017}
}

@misc{dhs2014,
  title={Nigeria Demographic and Health Survey 2013},
  author={National Population Commission - NPC/Nigeria and ICF International},
url={ http://dhsprogram.com/pubs/pdf/FR293/FR293.pdf},
year={2014}
}

@misc{zhan2019,
title={CME291 Final Report},
author={Gao, Yuan and Zhan, Ruohan},
year=2019
}

@misc{slc2003,
title={Preliminary Assessment of the Value of Landsat 7 ETM+ Data  following Scan Line Corrector Malfunction},
author={USGS, NASA, and Landsat 7 Science Team},
year=2003
}

@misc{landsatSite,
title={Landsat 8 Overview},
author={Jeffrey G. Masek},
year=2013,
url={https://landsat.gsfc.nasa.gov/landsat-8/landsat-8-overview/}
}

@misc{ghsl,
title= {GHS built-up grid, derived from Landsat, multitemporal (1975-1990-2000-2014), R2018A},
author={Corbane, Christina and Florczyk, Aneta and Pesaresi, Martino and Politis, Panagiotis and Syrris, Vasileios},
year=2018
}

@misc{dmspols,
title={NOAA/NGDC - Earth Observation Group - Defense Meteorological Satellite Program, Boulder},
author={NOAA},
year={2019},
url={https://ngdc.noaa.gov/eog/sensors/ols.html}
}

@misc{kingma2014adam,
    title={Adam: A Method for Stochastic Optimization},
    author={Diederik P. Kingma and Jimmy Ba},
    year={2014},
    eprint={1412.6980},
    archivePrefix={arXiv},
    primaryClass={cs.LG}
}

@misc{nigeriapoverty,
title={Poverty in Nigeria: Understanding and Bridging the Divide between North and South},
author={Zuhumnan Dapel},
year={2018},
url={https://www.cgdev.org/blog/poverty-nigeria-understanding-and-bridging-divide-between-north-and-south}
}